<?xml version="1.0" encoding="UTF-8"?><record xmlns="http://www.loc.gov/MARC21/slim" xmlns:cinclude="http://apache.org/cocoon/include/1.0" xmlns:zs="http://www.loc.gov/zing/srw/">
  <leader>00645nz  a2200169n  4500</leader>
  <controlfield tag="001">no2005002580</controlfield>
  <controlfield tag="003">DLC</controlfield>
  <controlfield tag="005">20050112052129.0</controlfield>
  <controlfield tag="008">050111n| acannaabn          |a aaa     c</controlfield>
  <datafield tag="010" ind1=" " ind2=" ">
    <subfield code="a">no2005002580</subfield>
  </datafield>
  <datafield tag="035" ind1=" " ind2=" ">
    <subfield code="a">(OCoLC)oca06532863</subfield>
  </datafield>
  <datafield tag="040" ind1=" " ind2=" ">
    <subfield code="a">FMU</subfield>
    <subfield code="b">eng</subfield>
    <subfield code="c">FMU</subfield>
  </datafield>
  <datafield tag="100" ind1="1" ind2="0">
    <subfield code="a">Smith, Sydney,</subfield>
    <subfield code="d">1909-1978</subfield>
  </datafield>
  <datafield tag="400" ind1="1" ind2="0">
    <subfield code="a">Smith, Sidney,</subfield>
    <subfield code="d">1909-1978</subfield>
  </datafield>
  <datafield tag="400" ind1="1" ind2="0">
    <subfield code="a">Smith, Sydney G.,</subfield>
    <subfield code="d">1909-1978</subfield>
  </datafield>
  <datafield tag="670" ind1=" " ind2=" ">
    <subfield code="a">No time for Sergeants, 1958:</subfield>
    <subfield code="b">title frame (Sydney Smith)</subfield>
  </datafield>
  <datafield tag="670" ind1=" " ind2=" ">
    <subfield code="a">Internet Movie Database, viewed Jan. 11, 2005</subfield>
    <subfield code="b">(Sydney Smith, b. 25 November 1909; d. 4 March 1978 in Seattle; sometimes credited as: Sidney Smith, Sydney G. Smith; TV and film actor)</subfield>
  </datafield>
</record>